@misc{jnicholl,
	author = {jnicholl.org},
	note = {http://jnicholl.org/cryptanalysis/ciphers/transposition.php}
}

@misc{Book:TelegraphDiplomacy,
	author = {David Paull},
	title = {Under the Wire. How the Telegraph Changed Diplomacy.}
}

@misc{Whatever1,
	author = {{Wikipedia}},
	note ={https://en.wikipedia.org/wiki/ancient\_history.}
}

@misc{Whatever2,
	author = {historiaybiografias.com},
	note = {http://historiaybiografias.com/portal\_grecia/}
}

@misc{Whatever3,
	author = {{Wikipedia}},
 	note = {https://en.wikipedia.org/wiki/history\_of\_cryptography}

}

@misc{Whatever4,
	author = {deChile.net},
	note = {http://etimologias.dechile.net/?jeroglifico}
}

@misc{Whatever5,
	author = {Richard A. Mollin},
	title ={An INTRODUCTION to CRYPTOGRAPHY.}
}

@misc{Whatever6,
	author = {{Wikipedia}},
 	note = {https://es.wikipedia.org/wiki/esc}

}
@misc{Whatever7,
	author = {{Wikipedia}},
	note = {https://en.wikipedia.org/wiki/polyalphabetic\_cipher}

}
@misc{Whatever8,
 author = {{Wikipedia}},
	note = {https://en.wikipedia.org/wiki/index\_of\_coincidence}
}

@misc{Whatever11,
	author = {{Wikipedia}},
	note = {https://en.wikipedia.org/wiki/great\_cipher}

}

@misc{Whatever12,
	author = {{Wikipedia}},
	note = {https://en.wikipedia.org/wiki/babington\_plot}

}
@misc{Whatever13,
	author = {{Wikipedia}},
	note = {https://en.wikipedia.org/wiki/charles\_babbage}

}
@misc{Whatever14,
	author = {{Wikipedia}},
	note = {https://en.wikipedia.org/wiki/autokey\_cipher}

}
@misc{Whatever15,
	author = {{Wikipedia}},
	note = {https://en.wikipedia.org/wiki/edgar\_allan\_poe}

}
@misc{Whatever16,
	author = {{Wikipedia}},
 	note = {https://en.wikipedia.org/wiki/cryptanalysis\_of\_the\_enigma\#general\_principles.}
}

@misc{Whatever17,
 	author = {Crypto Museum},
 	note = {http://www.cryptomuseum.com/crypto/enigma/hist.htm.}
}

@misc{Whatever18,
 	author = {Institut f√ºr Mathematik},
	note = {http://page.math.tuberlin.de/ kant/teaching/hess/krypto-ws2006/des.htm.}
}

@misc{Wikipedia:ZimmermanExample,
	author = {{Wikipedia}},
  	note = {https://en.wikipedia.org/wiki/Zimmermann\_Telegram}
}

@misc{Whatever21,
	author = {{Wikipedia}},
	note = {https://en.wikipedia.org/wiki/elliptic\_curve\_cryptography}
}

@misc{Whatever22,
	author = {{Wikipedia}},
	note = {https://en.wikipedia.org/wiki/quantum\_computing.}
}