%¿?¿?
@incollection{Tema1,

	booktitle = {Procesos psicosociales en los contextos educativos},
	editor = {Rosa Grau, Sonia Agut y Manuel Marín},
	author = {Rosa Grau y Sonia Agut},
	pages = {65--77},
	publisher = {Pir{\'a}mide},
	address = {Madrid},
	year = {2002},
	chapter = {4},
	title = {Percepción de personas y atribución causal}
}


@incollection{Tema2,
	booktitle = {Procesos psicosociales en los contextos educativos},
	editor = {Rosa Grau, Sonia Agut y Manuel Marín},
	author = {Manuel Marín},
	pages = {79-95},
	publisher = {Pirámide},
	address = {Madrid},
	year = {2002},
	chapter = {5},
	title = {Las actitudes en las relaciones interpersonales}
}


@incollection{UNEDPrejuicio,
title = {{Introducción a la Psicología Social}},
author = {{Elena Gaviria Stewart, Isabel Cuadrado Guirado, Mercedes López Sáez}},
editor = { Isabel Cuadrado Guirado},
publisher = {Sanz y Torres},
year = {2011},
type = {Book},
edition = {2nd ed},
pages = {387-425},
	chapter = {11},
	title = {El estudio psicosocial del prejuicio}
}




@Book{UNED,
title = {{Introducción a la Psicología Social}},
author = {{Elena Gaviria Stewart, Isabel Cuadrado Guirado, Mercedes López Sáez}},
publisher = {Sanz y Torres},
year = {2011},
address= {Madrid},
type = {Book},
edition = {2nd ed}
}