
@article{Bruno,
	author = { Bruno D'Amore },
	title = { Objetos, significados, representaciones semióticas y sentido },
	journal = { Relime },
	number = { Número especial },
	year = { 2006 },
	pages = { 177--195 }
}


@article{Duval,
	author = { Raymond Duval },
	title = { Un tema crucial en la educación matemática: La habilidad para cambiar el registro de representación },
	journal = { La Gaceta de la RSME },
	volume = { 9 },
	number = { 1 },
	year = { 2006 },
	pages = { 143-168 }
}

@article{Ismenia,
	author = { Ismenia Guzmán R. },
	title = { Registros de representación, el aprendizaje de nociones relativas a funciones: voces de estudiantes },
	journal = { Relime },
	volume = { 1 },
	number = { 1 },
	year = { 1998 },
	month = { Marzo },
	pages = { 5-21 }
}

@article{Oviedo,
	author = { Lina Mónica Oviedo and Ana María Kanashiro and Mónica Bnzaquen and Mónica Gorrochategui },
	title = { Los registros semióticos de representación en matemática },
	journal = { Revista Aula Universitaria },
	volume = { 13 },
	year = { 2012 },
	pages = { 29--36 }
}

